@book{oreillyPrometheus,
  title={Prometheus: Up and Running: Infrastructure and Application Performance Monitoring},
  author={Brazil, Brian},
  isbn={978-1-492-03414-8},
  url={https://www.amazon.de/Prometheus-Infrastructure-Application-Performance-Monitoring/dp/1492034142},
  year={2018},
  publisher={O'Reilly Media}
}

@book{turnbulldocker,
  title={The Docker Book: Containerization Is the New Virtualization},
  author={Turnbull, J.},
  isbn={9780988820203},
  url={https://books.google.de/books?id=4xQKBAAAQBAJ},
  year={2014},
  publisher={James Turnbull}
}

@book{oreilly-docker,
	AUTHOR = {Matthias, Karl AND Kane, Sean P.},
	YEAR = {2015},
	TITLE = {Docker: Up and Running - Shipping Reliable Containers in Production},
	EDITION = {},
	ISBN = {978-1-491-91851-7},
	PUBLISHER = {"O'Reilly Media, Inc."},
	ADDRESS = {Sebastopol},
}

@book{soppelsaswarm, 
  title={Native docker clustering with swarm}, 
  publisher={Packt Publishing Limited}, 
  author={Soppelsa, Fabrizio}, 
  year={2016}
} 

@book{continuous-delivery, 
  title={Continuous delivery in Java essential tools and best practices for deploying code to production}, 
  publisher={O'Reilly}, 
  author={Bryant, Daniel and Marin-Perez Abraham}, 
  year={2018}
} 

@book{simons-spring,
	AUTHOR = {Simons, Michael},
	YEAR = {2018},
	TITLE = {Spring Boot 2 - Moderne Softwareentwicklung mit Spring 5},
	EDITION = {},
	ISBN = {978-3-960-88389-0},
	PUBLISHER = {dpunkt.verlag},
	ADDRESS = {Heidelberg},
}

@book{activemq-snyder,
	AUTHOR = {Snyder, Bruce AND Bosanac, Dejan AND Davies, Rob},
	YEAR = {2011},
	TITLE = {ActiveMQ in Action - },
	EDITION = {},
	ISBN = {978-1-933-98894-8},
	PUBLISHER = {Manning Publications},
	ADDRESS = {Birmingham},
}

@misc{eide-requirements, 
  title={Quantification and Traceability of Requirements}, 
  howpublished = {\url{https://citeseerx.ist.psu.edu/viewdoc/download?doi=10.1.1.95.6464&rep=rep1&type=pdf}},
  author={Petter L. H. Eide}, 
  year={2005}
} 

@misc{docker-scaler, 
  title={Docker Scaler - Github Pages}, 
  howpublished = {\url{https://thomasjpfan.github.io/docker-scaler/}},
  author={Thomas J. Fan}, 
  year={2018}
} 

@misc{iso25010, 
  title={ISO/IEC 25010:2011}, 
  howpublished = {\url{https://www.iso.org/obp/ui/#iso:std:iso-iec:25010:ed-1:v1:en}},
  year={2011}
} 

@misc{microprofile,
  title = {{microprofile Spezifikation}},
  howpublished = {\url{https://access.redhat.com/documentation/en-us/jboss_enterprise_application_platform_continuous_delivery/15/html/configuration_guide/eclipse_microprofile}},
  note = {Aufgerufen am: 25-06-2021}
}

@misc{nfr-dotnetcurry,
  title = {{non functional requirements - Evaluierung}},
  howpublished = {\url{https://www.dotnetcurry.com/project-management/1462/non-functional-requirements-nfrs}},
  note = {Aufgerufen am: 26-06-2021}
}

@misc{cf-def,
  title = {{Cloud Native - Definition}},
  howpublished = {\url{https://www.ionos.de/digitalguide/websites/web-entwicklung/was-ist-cloud-native/}},
  note = {Aufgerufen am: 26-06-2021}
}

@misc{instpay-def,
  title = {{Cloud Native - Definition}},
  howpublished = {\url{https://www.dertreasurer.de/themen/instant-payments-revolution-im-zahlungsverkehr/}},
  note = {Aufgerufen am: 26-06-2021}
}

@misc{oreilly-layered-arch,
  title = {{Layered Architecture - Definition}},
  howpublished = {\url{https://www.oreilly.com/library/view/software-architecture-patterns/9781491971437/ch01.html}},
  note = {Aufgerufen am: 26-06-2021}
}

@misc{def-nca,
  title = {{Definition Native Cloud-Anwendungen}},
  howpublished = {\url{https://www.computerweekly.com/de/definition/Native-Cloud-Anwendung}},
  note = {Aufgerufen am: 05-07-2021}
}

@misc{docker-doc,
  title = {{Docker Dokumentation}},
  howpublished = {\url{https://docs.docker.com/}},
  note = {Aufgerufen am: 06-07-2021}
}

@misc{man-cgroups,
  title = {{Manpages Linux - cgroups}},
  howpublished = {\url{https://man7.org/linux/man-pages/man7/cgroups.7.html}},
  note = {Aufgerufen am: 08-07-2021}
}

@misc{bean-lifecycle,
  title = {{Spring Bean Lifecycle}},
  howpublished = {\url{https://reflectoring.io/spring-bean-lifecycle/}},
  note = {Aufgerufen am: 08-07-2021}
}

@misc{bean-aware,
  title = {{Aware Interface - Zusammenfassung}},
  howpublished = {\url{http://www.javabyexamples.com/quick-guide-to-spring-aware-interfaces}},
  note = {Aufgerufen am: 08-07-2021}
}

@misc{spring-perf,
  title = {{Spring Boot - Performantere Konfiguration}},
  howpublished = {\url{https://www.alexecollins.com/spring-boot-performance/}},
  note = {Aufgerufen am: 08-07-2021}
}

@misc{typescript-oop,
  title = {{Typescript - Anforderungen an OOP}},
  howpublished = {\url{https://rachelappel.com/2015/01/02/write-object-oriented-javascript-with-typescript/}},
  note = {Aufgerufen am: 12-07-2021}
}

@misc{typescript-doc,
  title = {{Typescript - Dokumentation}},
  howpublished = {\url{https://www.typescriptlang.org/docs/handbook/intro.html}},
  note = {Aufgerufen am: 12-07-2021}
}

@misc{iso-img,
  title = {{ISO 2050 - Schaubild}},
  howpublished = {\url{https://www.enzyklopaedie-der-wirtschaftsinformatik.de/lexikon/is-management/Systementwicklung/Management-der-Systementwicklung/Software-Qualitatsmanagement/Qualitatsmerkmale-von-Software/index.html}},
  note = {Aufgerufen am: 27-07-2021}
}

@misc{servlet-container-def,
  title = {{Servlet Container - Definition}},
  howpublished = {\url{https://dzone.com/articles/what-servlet-container}},
  note = {Aufgerufen am: 29-07-2021}
}
